@Article{cpHabits,
    author  = "Kathryn T. Stolee and Sebastian Elbaum and Gregg Rothermal",
    title   = "Revealing the Copy and Paste Habits of End Users",
    journal = "IEEE Symposium on Visual Languages and Human-Centric Computing",
    year    = "2009",
    pages   = "59--66",
    DOI     = "http://dx.doi.org/10.1109/VLHCC.2009.5295296"
}

@Article{maintenenceStudy,
    author  = "Andrew J. Ko and Htet Htet Aung and Brad A. Myers",
    title   = "Eliciting Design Requirements for Maintenance Oriented IDE's: A Detailed Study of Corrective and Perfective Maintenance Tasks",
    journal = "Research Showcase at Carnegie Mellon University",
    year    = "2005"
}

@Article{ooplCP,
    author  = "Miryung Kim and Lawrence Bergman and Tessa Lau and David Notkin",
    title   = "An Ethnographic Study of Copy and Paste Programming Practices in OOPL",
    journal = "International Symposium on Empirical Software Engineering",
    year    = "2004",
    pages   = "83--92"
}

@inproceedings{devWorkHabits,
    author       = "Thomas D. LaToza and Gina Venolia and Robert DeLine",
    title        = "Maintaining Mental Models: A Study of Developer Work Habits",
    booktitle    = "Proceedings of the 28th international conference on Software engineering",
    series       = "ICSE '06",
    doi          = "http://dx.doi.org/10.1145/1134285.1134355",
    address      = "New York, NY, USA",
    year         = "2006",
    pages        = "492--501",
    organization = "ACM"
}
    
@inproceedings{overlapWindow,
 author = {Chapuis, Olivier and Roussel, Nicolas},
 title = {Copy-and-paste Between Overlapping Windows},
 booktitle = {Proceedings of the SIGCHI Conference on Human Factors in Computing Systems},
 series = {CHI '07},
 year = {2007},
 isbn = {978-1-59593-593-9},
 location = {San Jose, California, USA},
 pages = {201--210},
 numpages = {10},
 url = {http://doi.acm.org/10.1145/1240624.1240657},
 doi = {10.1145/1240624.1240657},
 acmid = {1240657},
 publisher = {ACM},
 address = {New York, NY, USA},
 keywords = {copy-and-paste, overlapping windows, window management},
} 

% start of bib for section 5 CODE CLONING AND PATTERN RECOGNITION
@inproceedings{empirical,
  title={An empirical study of code clone genealogies},
  author={Kim, Miryung and Sazawal, Vibha and Notkin, David and Murphy, Gail},
  booktitle={ACM SIGSOFT Software Engineering Notes},
  volume={30},
  number={5},
  pages={187--196},
  year={2005},
  organization={ACM}
}

@inproceedings{towards_tool,
  title={Towards flexible code clone detection, management, and refactoring in IDE},
  author={Zibran, Minhaz F and Roy, Chanchal K},
  booktitle={Proceedings of the 5th International Workshop on Software Clones},
  pages={75--76},
  year={2011},
  organization={ACM}
}

@article{frontiers,
  title={Frontiers of software clone management},
  author={Koschke, Rainer},
  journal={Frontiers of Software Maintenance},
  volume={2008},
  pages={119--128},
  year={2008}
}

@book{survey,
  title={Survey of research on software clones},
  author={Koschke, Rainer},
  year={2007},
  publisher={Internat. Begegnungs-und Forschungszentrum f{\"u}r Informatik}
}
% end of bib for section 5 CODE CLONING AND PATTERN RECOGNITION

@article{codeReuse,
    title ="Code Reuse in Open Source Software",
    author ="Haefliger, Stefan and von Krogh, Georg and Spaeth, Sebastian",
    journal = "Management Science",
    volume ="54",
    year    = "2007",
    pages   = "180--193"
}

@inproceedings{Citrine,
 author = {Stylos, Jeffrey and Myers, Brad A. and Faulring, Andrew},
 title = {Citrine: Providing Intelligent Copy-and-paste},
 booktitle = {Proceedings of the 17th Annual ACM Symposium on User Interface Software and Technology},
 series = {UIST '04},
 year = {2004},
 isbn = {1-58113-957-8},
 location = {Santa Fe, NM, USA},
 pages = {185--188},
 numpages = {4},
 url = {http://doi.acm.org/10.1145/1029632.1029665},
 doi = {10.1145/1029632.1029665},
 acmid = {1029665},
 publisher = {ACM},
 address = {New York, NY, USA},
 keywords = {copy-and-paste, intelligent user interfaces, web-pasting},
} 

@inproceedings{Entity,
 author = {Bier, Eric A. and Ishak, Edward W. and Chi, Ed},
 title = {Entity Quick Click: Rapid Text Copying Based on Automatic Entity Extraction},
 booktitle = {CHI '06 Extended Abstracts on Human Factors in Computing Systems},
 series = {CHI EA '06},
 year = {2006},
 isbn = {1-59593-298-4},
 location = {Montr\&\#233;al, Qu\&\#233;bec, Canada},
 pages = {562--567},
 numpages = {6},
 url = {http://doi.acm.org/10.1145/1125451.1125570},
 doi = {10.1145/1125451.1125570},
 acmid = {1125570},
 publisher = {ACM},
 address = {New York, NY, USA},
 keywords = {copy-and-paste, copying text, entity extraction, information extraction, sensemaking, text editing},
} 

@INPROCEEDINGS{Pattern, 
author={Nija Shi and Olsson, R.A.}, 
booktitle={Automated Software Engineering, 2006. ASE '06. 21st IEEE/ACM International Conference on}, 
title={Reverse Engineering of Design Patterns from Java Source Code}, 
year={2006}, 
pages={123-134}, 
keywords={Java;object-oriented programming;program compilers;program diagnostics;reverse engineering;Apache Ant;JHotDraw;Java AWT;Java source code;PINOT;Swing;code structure;design pattern classification;design pattern recovery;pattern detection;program understanding;reverse engineering;source code analysis;static program analysis;system behavior;Concrete;Data mining;Java;Packaging;Pattern analysis;Pattern classification;Pattern recognition;Prototypes;Reverse engineering;Software design}, 
doi={10.1109/ASE.2006.57}, 
ISSN={1938-4300}, 
month={Sept},}


@misc{moreclipboard,
  author = {Mikhail Barg},
  title = {{More Clipboard}},
  howpublished = "\url{"https://marketplace.eclipse.org/content/more-clipboard"}",
  year = {}, 
  
}
@misc{Atom,
  author = {},
  title = {{Atom Clipboard}},
  howpublished = "\url{"https://atom.io/docs/api/v1.1.0/Clipboard"}",
  year = {}, 
  
}

@misc{Atom_C_History,
  author = {},
  title = {{clipboard-history}},
  howpublished = "\url{"https://github.com/unDemian/clipboard-history"}",
  year = {}, 
}


@inproceedings{CloneTag,
 author = {Sano, Manamu and Choi, Eunjong and Yoshida, Norihiro and Yamanaka, Yuki and Inoue, Katsuro},
 title = {Supporting Clone Analysis with Tag Cloud Visualization},
 booktitle = {Proceedings of the International Workshop on Innovative Software Development Methodologies and Practices},
 series = {InnoSWDev 2014},
 year = {2014},
 isbn = {978-1-4503-3226-2},
 location = {Hong Kong, China},
 pages = {94--99},
 numpages = {6},
 url = {http://doi.acm.org/10.1145/2666581.2666586},
 doi = {10.1145/2666581.2666586},
 acmid = {2666586},
 publisher = {ACM},
 address = {New York, NY, USA},
 keywords = {Code clone, Tag cloud},
} 

@misc{KanaClip,
  author = {},
  title = {{Kana Clip}},
  howpublished = "\url{"http://www.kanasolution.com/products/kana-clip/"}",
  year = {}, 
  
}

@misc{ClipHistory,
  author = {},
  title = {{Clipboard History}},
  howpublished = "\url{http://www.outertech.com/en/clipboard-history}",
  year = {}, 
  
}

@article{janReport,
    title ="An Analysis of Programmer Copy and Paste Habits",
    author ="Clee, Brian and Farhana, Effat and Madan, Arjun and Tan, Ran"
}

@misc{Tasks,
  author = {},
  title = {{Tasks}},
  howpublished = "\url{https://github.com/cleebp/csc-510-group-g/blob/master/apr1/experiment/tasks.md}",
  year = {}, 
  
}