@misc{Axitron,
  author = {CSC510-2015-Axitron},
  title = {{Project 2}},
  howpublished = "\url{"https://github.com/CSC510-2015-Axitron/project2"}",
  year = {2015}
}
  
@misc{githubapi,
  author = {{GitHub Developer}},
  title = {{API}},
  howpublished = "\url{"https://developer.github.com/v3/"}"
}

@misc{rcite,
  author = {{The R Foundation}},
  title = {{The R Project for Statistical Computing}},
  howpublished = "\url{"https://www.r-project.org"}"
}

@misc{Martin,
  author = {Martin Fowler},
  title = {{CodeSmell}},
  howpublished = "\url{"http://martinfowler.com/bliki/CodeSmell.html"}",
  year = {2015}
}

@inproceedings{tufano2015and,
  title={When and why your code starts to smell bad},
  author={Tufano, Michele and Palomba, Fabio and Bavota, Gabriele and Oliveto, Rocco and Di Penta, Massimiliano and De Lucia, Andrea and Poshyvanyk, Denys},
  booktitle={Proceedings of the 37th International Conference on Software Engineering-Volume 1},
  pages={403--414},
  year={2015},
  organization={IEEE Press}
}